 @article{Schwartz_2022, title={Imaging atomic-scale chemistry from fused multi-modal electron microscopy}, volume={8}, rights={2022 The Author(s)}, ISSN={2057-3960}, DOI={10.1038/s41524-021-00692-5}, number={11}, journal={npj Computational Materials}, publisher={Nature Publishing Group}, author={Schwartz, Jonathan and Di, Zichao Wendy and Jiang, Yi and Fielitz, Alyssa J. and Ha, Don-Hyung and Perera, Sanjaya D. and El Baggari, Ismail and Robinson, Richard D. and Fessler, Jeffrey A. and Ophus, Colin and Rozeveld, Steve and Hovden, Robert}, year={2022}, month=jan, pages={1â€“8}, language={en} }
 @article{Schwartz_2024, title={Imaging 3D chemistry at 1 nm resolution with fused multi-modal electron tomography}, volume={15}, rights={2024 The Author(s)}, ISSN={2041-1723}, DOI={10.1038/s41467-024-47558-0}, number={1}, journal={Nature Communications}, publisher={Nature Publishing Group}, author={Schwartz, Jonathan and Di, Zichao Wendy and Jiang, Yi and Manassa, Jason and Pietryga, Jacob and Qian, Yiwen and Cho, Min Gee and Rowell, Jonathan L. and Zheng, Huihuo and Robinson, Richard D. and Gu, Junsi and Kirilin, Alexey and Rozeveld, Steve and Ercius, Peter and Fessler, Jeffrey A. and Xu, Ting and Scott, Mary and Hovden, Robert}, year={2024}, month=apr, pages={3555}, language={en} }
@article{manassa2024fused,
  title={Fused Multi-Modal Electron Microscopy},
  author={Manassa, Jason and Shah, Miti and Cho, Min Gee and Di, Zichao Wendy and Jiang, Yi and Fessler, Jeffrey A and Shao, Yu-Tsun and Scott, Mary C and Schwartz, Jonathan and Hovden, Robert},
  journal={Elemental Microscopy},
  year={2024}, DOI={10.69761/MXVR4353}
}