
@article{ophus2023quantitative,
  title={Quantitative scanning transmission electron microscopy for materials science: imaging, diffraction, spectroscopy, and tomography},
  author={Ophus, Colin},
  journal={Annual Review of Materials Research},
  volume={53},
  number={1},
  pages={105--141},
  year={2023},
  publisher={Annual Reviews}
}
 @article{Spurgeon_2020, title={Towards data-driven next-generation transmission electron microscopy}, rights={2020 © Battelle Memorial Institute under exclusive licence to Springer Nature Limited 2020}, ISSN={1476-4660}, DOI={10/ghhtjq}, abstractNote={Electron microscopy touches on nearly every aspect of modern life, underpinning materials development for quantum computing, energy and medicine. We discuss the open, highly integrated and data-driven microscopy architecture needed to realize transformative discoveries in the coming decade.}, journal={Nature Materials}, publisher={Nature Publishing Group}, author={Spurgeon, Steven R. and Ophus, Colin and Jones, Lewys and Petford-Long, Amanda and Kalinin, Sergei V. and Olszta, Matthew J. and Dunin-Borkowski, Rafal E. and Salmon, Norman and Hattar, Khalid and Yang, Wei-Chang D. and Sharma, Renu and Du, Yingge and Chiaramonti, Ann and Zheng, Haimei and Buck, Edgar C. and Kovarik, Libor and Penn, R. Lee and Li, Dongsheng and Zhang, Xin and Murayama, Mitsuhiro and Taheri, Mitra L.}, year={2020}, month=oct, pages={1–6}, language={en} }
@article{sharma2024perspective,
  title={Perspective and prospects of in situ transmission/scanning transmission electron microscopy},
  author={Sharma, Renu and Yang, Wei-Chang David},
  journal={Microscopy},
  volume={73},
  number={2},
  pages={79--100},
  year={2024},
  publisher={Oxford University Press UK}
}