@article{kalinin2021exploring,
  title={Exploring order parameters and dynamic processes in disordered systems via variational autoencoders},
  author={Kalinin, Sergei V and Dyck, Ondrej and Jesse, Stephen and Ziatdinov, Maxim},
  journal={Science Advances},
  volume={7},
  number={17},
  pages={eabd5084},
  year={2021},
  publisher={American Association for the Advancement of Science}
}
@article{khan2023leveraging,
  title={Leveraging generative adversarial networks to create realistic scanning transmission electron microscopy images},
  author={Khan, Abid and Lee, Chia-Hao and Huang, Pinshane Y and Clark, Bryan K},
  journal={npj Computational Materials},
  volume={9},
  number={1},
  pages={85},
  year={2023},
  publisher={Nature Publishing Group UK London}
}
@article{lambard2023generation,
  title={Generation of highly realistic microstructural images of alloys from limited data with a style-based generative adversarial network},
  author={Lambard, Guillaume and Yamazaki, Kazuhiko and Demura, Masahiko},
  journal={Scientific Reports},
  volume={13},
  number={1},
  pages={566},
  year={2023},
  publisher={Nature Publishing Group UK London}
}